% Encoding: UTF-8

@InProceedings{2011_AIP_Cl44,
  Title                    = {{The ground state $g$ factor of $^{44}$Cl: a probe for the reduced gaps at $Z=16$ and $N=28$}},
  Author                   = {{T. J. Mertzimekis, for the E513 Collaboration}},
  Booktitle                = {Frontiers In Nuclear Structure and Astrophysics 3: Proceedings of the International Conference},
  Year                     = {2011},
  Address                  = {Rodos, Greece},
  Month                    = {22-27 Aug},
  Pages                    = {395},
  Publisher                = {AIP},
  Volume                   = {1377},
  Doi                      = {10.1063/1.3628424},
  Journal                  = {AIP Conference Proceedings}
}

@Misc{Mertzimekis2012,
  Title                    = {{The official thesis template of the Department of Physics at the National and Kapodistrian University of Athens}},
  Author                   = {T.J. Mertzimekis},
  HowPublished             = {{https://www.overleaf.com/latex/templates/university-of-athens-thesis-template-general/fyghsbpsdkwb}},
  Year                     = {2022},
  Organization             = {University of Athens}
}

@unpublished {wiki_latex,
  Title   = {{\LaTeX}},
  Author  = {Wikibook Contributors},
  Note    = {{http://en.wikibooks.org/LATEX.pdf}},
  url     = {{http://en.wikibooks.org/LATEX.pdf}},
  Year    = {2008}
}
@UNPUBLISHED {uoa_latex,
    author = "Theo J. Mertzimekis",
    title  = "A {\LaTeX} Course for {NKUA} students",
    note   = "http://users.uoa.gr/~tmertzi/LaTeX",
    year   = "2012"
}
@unpublished {latexoverleaf,
    title   = "Overleaf Documentation",
    year     = "2022",
    note = "https://www.overleaf.com/learn",
    author = "Overleaf.com"
}
@unpublished {trubenbib,
    author   = "Peder L. Skeidsvoll",
    year     = "2018",
    note = "https://truben.no/latex/bibtex",
    title   = "Easy bib{\TeX} entries"
}
@unpublished {trubentables,
    author   = "Peder L. Skeidsvoll",
    title = "Table Editor 2",
    year     = "2018",
    note = "https://truben.no/table"
}
@unpublished {tablesgenerator,
    author   = "Tablesgenerator.com",
    title = "Tables Generator",
    year     = "2022",
    note = "https://www.tablesgenerator.com/"
}
@unpublished {zotero,
    author   = "Zotero Inc.",
    title    = "Zotero Citation Management Suite",
    year     = "2022",
    note= "https://zbib.org/"
}

@article{2017_Khaliel,
  title = {First cross-section measurements of the reactions $^{107,109}{Ag}(p,\ensuremath{\gamma})^{108,110}{Cd}$ at energies relevant to the $p$ process},
  author = {Khaliel, A. and Mertzimekis, T. J. and Asimakopoulou, E.-M. and Kanellakopoulos, A. and Lagaki, V. and Psaltis, A. and Psyrra, I. and Mavrommatis, E.},
  journal = {Phys. Rev. C},
  volume = {96},
  issue = {3},
  pages = {035806},
  numpages = {7},
  year = {2017},
  month = {Sep},
  publisher = {American Physical Society},
  doi = {10.1103/PhysRevC.96.035806},
  url = {https://link.aps.org/doi/10.1103/PhysRevC.96.035806}
}
